@inproceedings{schaefer2006image,
  title={Image deformation using moving least squares},
  author={Schaefer, Scott and McPhail, Travis and Warren, Joe},
  booktitle={ACM transactions on graphics (TOG)},
  volume={25},
  number={3},
  pages={533--540},
  year={2006},
  organization={ACM}
}

@article{barbivc2005real,
  title={Real-time subspace integration for St. Venant-Kirchhoff deformable models},
  author={Barbi{\v{c}}, Jernej and James, Doug L},
  journal={ACM transactions on graphics (TOG)},
  volume={24},
  number={3},
  pages={982--990},
  year={2005},
  publisher={ACM}
}

@article{liu2013fast,
  title={Fast simulation of mass-spring systems},
  author={Liu, Tiantian and Bargteil, Adam W and O'Brien, James F and Kavan, Ladislav},
  journal={ACM Transactions on Graphics (TOG)},
  volume={32},
  number={6},
  pages={214},
  year={2013},
  publisher={ACM}
}

@article{wang2015chebyshev,
  title={A chebyshev semi-iterative approach for accelerating projective and position-based dynamics},
  author={Wang, Huamin},
  journal={ACM Transactions on Graphics (TOG)},
  volume={34},
  number={6},
  pages={246},
  year={2015},
  publisher={ACM}
}

@inproceedings{grinspun2003discrete,
  title={Discrete shells},
  author={Grinspun, Eitan and Hirani, Anil N and Desbrun, Mathieu and Schr{\"o}der, Peter},
  booktitle={Proceedings of the 2003 ACM SIGGRAPH/Eurographics symposium on Computer animation},
  pages={62--67},
  year={2003},
  organization={Eurographics Association}
}

@article{chen2018numerical,
  title={Numerical coarsening using discontinuous shape functions},
  author={Chen, Jiong and Bao, Hujun and Wang, Tianyu and Desbrun, Mathieu and Huang, Jin},
  journal={ACM Transactions on Graphics (TOG)},
  volume={37},
  number={4},
  pages={120},
  year={2018},
  publisher={ACM}
}

@incollection{meyer2003discrete,
  title={Discrete differential-geometry operators for triangulated 2-manifolds},
  author={Meyer, Mark and Desbrun, Mathieu and Schr{\"o}der, Peter and Barr, Alan H},
  booktitle={Visualization and mathematics III},
  pages={35--57},
  year={2003},
  publisher={Springer}
}

@article{botsch2004intuitive,
  title={An intuitive framework for real-time freeform modeling},
  author={Botsch, Mario and Kobbelt, Leif},
  journal={ACM Transactions on Graphics (TOG)},
  volume={23},
  number={3},
  pages={630--634},
  year={2004},
  publisher={ACM}
}

@article{crane2013geodesics,
  title={Geodesics in heat: A new approach to computing distance based on heat flow},
  author={Crane, Keenan and Weischedel, Clarisse and Wardetzky, Max},
  journal={ACM Transactions on Graphics (TOG)},
  volume={32},
  number={5},
  pages={152},
  year={2013},
  publisher={ACM}
}

@article{huang2014,
  title={â„“ 1-Based Construction of Polycube Maps from Complex Shapes},
  author={Huang, Jin and Jiang, Tengfei and Shi, Zeyun and Tong, Yiying and Bao, Hujun and Desbrun, Mathieu},
  journal={ACM Transactions on Graphics (TOG)},
  volume={33},
  number={3},
  pages={25},
  year={2014},
  publisher={ACM}
}

@inproceedings{liu2008local,
  title={A local/global approach to mesh parameterization},
  author={Liu, Ligang and Zhang, Lei and Xu, Yin and Gotsman, Craig and Gortler, Steven J},
  booktitle={Computer Graphics Forum},
  volume={27},
  number={5},
  pages={1495--1504},
  year={2008},
  organization={Wiley Online Library}
}

@inproceedings{muller2003particle,
  title={Particle-based fluid simulation for interactive applications},
  author={M{\"u}ller, Matthias and Charypar, David and Gross, Markus},
  booktitle={Proceedings of the 2003 ACM SIGGRAPH/Eurographics symposium on Computer animation},
  pages={154--159},
  year={2003},
  organization={Eurographics Association}
}

@inproceedings{batty2007fast,
  title={A fast variational framework for accurate solid-fluid coupling},
  author={Batty, Christopher and Bertails, Florence and Bridson, Robert},
  booktitle={ACM Transactions on Graphics (TOG)},
  volume={26},
  number={3},
  pages={100},
  year={2007},
  organization={ACM}
}

@article{gatys2015neural,
  title={A neural algorithm of artistic style},
  author={Gatys, Leon A and Ecker, Alexander S and Bethge, Matthias},
  journal={arXiv preprint arXiv:1508.06576},
  year={2015}
}

@article{radford2015unsupervised,
  title={Unsupervised representation learning with deep convolutional generative adversarial networks},
  author={Radford, Alec and Metz, Luke and Chintala, Soumith},
  journal={arXiv preprint arXiv:1511.06434},
  year={2015}
}


